<collection xmlns="http://www.loc.gov/MARC21/slim"><record><leader>00822nam  2200253   450</leader><controlfield tag="001">815</controlfield><controlfield tag="003">http://montalegre.opacnet.com/OPAC/default.aspx?ContentAreaControl=ShowRegHoldings.ascx&amp;RegNo=16662</controlfield><datafield tag="010" ind1=" " ind2=" "><subfield code="a">972-8423-44-6</subfield></datafield><datafield tag="021" ind1=" " ind2=" "><subfield code="a">PT</subfield><subfield code="b">139241/99</subfield></datafield><datafield tag="100" ind1=" " ind2=" "><subfield code="a">20000727d1999    m  y0pory010305  ba</subfield></datafield><datafield tag="101" ind1="1" ind2=" "><subfield code="a">por</subfield><subfield code="c">eng</subfield></datafield><datafield tag="102" ind1=" " ind2=" "><subfield code="a">PT</subfield></datafield><datafield tag="105" ind1=" " ind2=" "><subfield code="a">y   a   000yy</subfield></datafield><datafield tag="106" ind1=" " ind2=" "><subfield code="a">r</subfield></datafield><datafield tag="200" ind1="1" ind2=" "><subfield code="a">Gatos e mais gatos</subfield><subfield code="f">Doris Lessing</subfield><subfield code="g">trad. Maria Isabel Barreno</subfield></datafield><datafield tag="210" ind1=" " ind2=" "><subfield code="a">Lisboa</subfield><subfield code="c">Cotovia</subfield><subfield code="d">imp. 1999</subfield></datafield><datafield tag="215" ind1=" " ind2=" "><subfield code="a">165, [2] p.</subfield><subfield code="d">21 cm</subfield></datafield><datafield tag="225" ind1="2" ind2=" "><subfield code="a">Livros Cotovia</subfield></datafield><datafield tag="304" ind1=" " ind2=" "><subfield code="a">Tít. orig.: Particularly cats and more cats</subfield></datafield><datafield tag="675" ind1=" " ind2=" "><subfield code="a">821.111-31"19"</subfield><subfield code="v">BN</subfield><subfield code="z">por</subfield></datafield><datafield tag="700" ind1=" " ind2="1"><subfield code="a">Lessing</subfield><subfield code="b">Doris</subfield><subfield code="f">1919-</subfield></datafield><datafield tag="702" ind1=" " ind2="1"><subfield code="a">Barreno</subfield><subfield code="b">Maria Isabel</subfield><subfield code="f">1939-</subfield><subfield code="4">730</subfield></datafield><datafield tag="801" ind1=" " ind2="0"><subfield code="a">PT</subfield><subfield code="b">Biblioteca Municipal de Montalegre</subfield><subfield code="g">RPC</subfield></datafield><datafield tag="856" ind1=" " ind2=" "><subfield code="u">locateMedia.asp?cod=20060622163042&amp;ext=jpg</subfield><subfield code="z">CAPA</subfield></datafield><datafield tag="909" ind1="&#9;" ind2=" "><subfield code="a">1</subfield></datafield><datafield tag="966" ind1=" " ind2=" "><subfield code="a">0015074</subfield><subfield code="l">BMM</subfield><subfield code="s">SCG 821 LES gat</subfield></datafield></record></collection>